@article{ArimaGarch,
  title     = {{ARIMA-GARCH forecasting with Python}},
  author    = {Thomas Dierckx},
  journal   = {Medium},
  url       = {https://medium.com/analytics-vidhya/arima-garch-forecasting-with-python-7a3f797de3ff},
  month     = sep,
  year      = {2020},
  language  = {en},
  urldate   = {20.~5.~2024},
}

@article{SARIMA_param,
  title     = {{Guide to Time Series Analysis with Python — 4: ARIMA and SARIMA}},
  author    = {Buse Köseoğlu},
  journal   = {Medium},
  url       = {https://buse-koseoglu13.medium.com/guide-to-time-series-analysis-with-python-4-arima-and-sarima-d62bcdcfb64a},
  month     = jan,
  year      = {2024},
  language  = {en},
  urldate   = {20.~5.~2024},
}